
@article{lecun1998gradient,
  title={Gradient-based learning applied to document recognition},
  author={LeCun, Yann and Bottou, L{\'e}on and Bengio, Yoshua and Haffner, Patrick and others},
  journal={Proceedings of the IEEE},
  volume={86},
  number={11},
  pages={2278--2324},
  year={1998},
  publisher={Taipei, Taiwan}
}

@inproceedings{krizhevsky2012imagenet,
  title={Imagenet classification with deep convolutional neural networks},
  author={Krizhevsky, Alex and Sutskever, Ilya and Hinton, Geoffrey E},
  booktitle={Advances in neural information processing systems},
  pages={1097--1105},
  year={2012}
}

@misc{francois2017deep,
  title={Deep learning with Python},
  author={Francois, Chollet},
  year={2017},
  publisher={Manning Publications Company}
}

@article{hornik1989multilayer,
  title={Multilayer feedforward networks are universal approximators},
  author={Hornik, Kurt and Stinchcombe, Maxwell and White, Halbert},
  journal={Neural networks},
  volume={2},
  number={5},
  pages={359--366},
  year={1989},
  publisher={Elsevier}
}

@book{goodfellow2016deep,
  title={Deep learning},
  author={Goodfellow, Ian and Bengio, Yoshua and Courville, Aaron},
  year={2016},
  publisher={MIT press}
}

@inproceedings{glorot2010understanding,
  title={Understanding the difficulty of training deep feedforward neural networks},
  author={Glorot, Xavier and Bengio, Yoshua},
  booktitle={Proceedings of the thirteenth international conference on artificial intelligence and statistics},
  pages={249--256},
  year={2010}
}

@article{ioffe2015batch,
  title={Batch normalization: Accelerating deep network training by reducing internal covariate shift},
  author={Ioffe, Sergey and Szegedy, Christian},
  journal={arXiv preprint arXiv:1502.03167},
  year={2015}
}

@article{werbos1974beyond,
  title={Beyond Regression:" New Tools for Prediction and Analysis in the Behavioral Sciences},
  author={Werbos, Paul},
  journal={Ph. D. dissertation, Harvard University},
  year={1974}
}

@article{qian1999momentum,
  title={On the momentum term in gradient descent learning algorithms},
  author={Qian, Ning},
  journal={Neural networks},
  volume={12},
  number={1},
  pages={145--151},
  year={1999},
  publisher={Elsevier}
}

@article{duchi2011adaptive,
  title={Adaptive subgradient methods for online learning and stochastic optimization},
  author={Duchi, John and Hazan, Elad and Singer, Yoram},
  journal={Journal of Machine Learning Research},
  volume={12},
  number={Jul},
  pages={2121--2159},
  year={2011}
}

@article{haykin2004comprehensive,
  title={A comprehensive foundation},
  author={Haykin, Simon and Network, Neural},
  journal={Neural networks},
  volume={2},
  number={2004},
  pages={41},
  year={2004}
}

@misc{googlenewsmodel,
  author = {Google},
  title = {Google News pretrained Word2Vec Model},
  year = 2015,
  url = {https://github.com/mmihaltz/word2vec-GoogleNews-vectors},
  urldate = {2019-02-19}
}

@inproceedings{mikolov2013distributed,
  title={Distributed representations of words and phrases and their compositionality},
  author={Mikolov, Tomas and Sutskever, Ilya and Chen, Kai and Corrado, Greg S and Dean, Jeff},
  booktitle={Advances in neural information processing systems},
  pages={3111--3119},
  year={2013}
}


@inproceedings{patil2017deep,
  title={Deep learning based car damage classification},
  author={Patil, Kalpesh and Kulkarni, Mandar and Sriraman, Anand and Karande, Shirish},
  booktitle={2017 16th IEEE International Conference on Machine Learning and Applications (ICMLA)},
  pages={50--54},
  year={2017},
  organization={IEEE}
}

@misc{liu2017monza,
  title={Monza: image classification of vehicle make and model using convolutional neural networks and transfer learning},
  author={Liu, Derrick and Wang, Yushi},
  year={2017}
}

@article{liu2018deep,
  title={Deep learning for generic object detection: A survey},
  author={Liu, Li and Ouyang, Wanli and Wang, Xiaogang and Fieguth, Paul and Chen, Jie and Liu, Xinwang and Pietik{\"a}inen, Matti},
  journal={arXiv preprint arXiv:1809.02165},
  year={2018}
}

@article{guo2018review,
  title={A review of semantic segmentation using deep neural networks},
  author={Guo, Yanming and Liu, Yu and Georgiou, Theodoros and Lew, Michael S},
  journal={International journal of multimedia information retrieval},
  volume={7},
  number={2},
  pages={87--93},
  year={2018},
  publisher={Springer}
}

@inproceedings{he2017mask,
  title={Mask r-cnn},
  author={He, Kaiming and Gkioxari, Georgia and Doll{\'a}r, Piotr and Girshick, Ross},
  booktitle={Proceedings of the IEEE international conference on computer vision},
  pages={2961--2969},
  year={2017}
}

@article{chahal2018survey,
  title={A Survey of Modern Object Detection Literature using Deep Learning},
  author={Chahal, Karanbir Singh and Dey, Kuntal},
  journal={arXiv preprint arXiv:1808.07256},
  year={2018}
}

@article{xie2018bag,
  title={Bag of tricks for image classification with convolutional neural networks},
  author={Xie, Junyuan and He, Tong and Zhang, Zhi and Zhang, Hang and Zhang, Zhongyue and Li, Mu},
  journal={arXiv preprint arXiv:1812.01187},
  year={2018}
}